@book{bertram-easton,
    AUTHOR = {Bertram, Aaron and Easton, Robert},
     TITLE = {The tropical {N}ullstellensatz for congruences},
   JOURNAL = {Adv. Math.},
  FJOURNAL = {Advances in Mathematics},
    VOLUME = {308},
      YEAR = {2017},
     PAGES = {36--82},
      ISSN = {0001-8708},
   MRCLASS = {14T05 (16Y60)},
  MRNUMBER = {3600055},
MRREVIEWER = {D. A. Stepanov},
       DOI = {10.1016/j.aim.2016.12.004},
       URL = {https://doi.org/10.1016/j.aim.2016.12.004},
}

@book{c-l-o,
    title = {Ideals, Varieties, and Algorithms},
    author = {David Cox and John Little and Donal O'Shea},
    publisher = {Springer},
    year = {2007}
}

@book{dandf,
	title = {Abstract Algebra},
    author = {David Dummit and Richard Foote}
}

@book{grothendieckega,
	title = {\'E\'ements de G\'eom\'etrie Alg\'ebrique},
    author = {Alexander Grothendieck}
}

@book{grothendiecksga,
	title = {S\'eminaire de G\'eom\'etrie Alg\'ebrique},
    author = {Alexander Grothendieck}
}

@book{hartshorne,
	title = {Algebraic Geometry},
    author = {Robin Hartshorne}
}

@book{maclane,
    title={Categories for the Working Mathematician},
    author={Saunders Mac Lane},
    isbn={0387984038},
    series={Graduate Texts in Mathematics},
    year={1998},
    publisher={Springer},
    keywords = {mathematics}
}

@book{mumford,
    title = {Curves and Their Jacobians},
    author = {David Mumford},
    year = {1975},
    publisher = {The University of Michigan Press}
}

@book{vakil,
    title={The Rising Sea},
    author={Ravi Vakil},
}

@book{donat,
    AUTHOR = {Saint-Donat, B.},
     TITLE = {On {P}etri's analysis of the linear system of quadrics through
              a canonical curve},
   JOURNAL = {Math. Ann.},
  FJOURNAL = {Mathematische Annalen},
    VOLUME = {206},
      YEAR = {1973},
     PAGES = {157--175},
      ISSN = {0025-5831},
   MRCLASS = {14H45 (14J25)},
  MRNUMBER = {0337983},
MRREVIEWER = {H. H. Martens},
       DOI = {10.1007/BF01430982},
       URL = {https://doi.org/10.1007/BF01430982},
}

@book{petri,
    AUTHOR = {Petri, K.},
     TITLE = {\"{U}ber die invariante {D}arstellung algebraischer {F}unktionen
              einer {V}er\"{a}nderlichen},
   JOURNAL = {Math. Ann.},
  FJOURNAL = {Mathematische Annalen},
    VOLUME = {88},
      YEAR = {1923},
    NUMBER = {3-4},
     PAGES = {242--289},
      ISSN = {0025-5831},
   MRCLASS = {DML},
  MRNUMBER = {1512130},
       DOI = {10.1007/BF01579181},
       URL = {https://doi.org/10.1007/BF01579181},
}

@book{brill-noether,
    AUTHOR = {Cools, Filip and Draisma, Jan and Payne, Sam and Robeva,
              Elina},
     TITLE = {A tropical proof of the {B}rill-{N}oether theorem},
   JOURNAL = {Adv. Math.},
  FJOURNAL = {Advances in Mathematics},
    VOLUME = {230},
      YEAR = {2012},
    NUMBER = {2},
     PAGES = {759--776},
      ISSN = {0001-8708},
   MRCLASS = {14T05 (14H51)},
  MRNUMBER = {2914965},
MRREVIEWER = {Luis Felipe Tabera},
       DOI = {10.1016/j.aim.2012.02.019},
       URL = {https://doi.org/10.1016/j.aim.2012.02.019},
}
